<record><leader>00000cas a2200000   4500</leader><controlfield tag="001">4098289</controlfield><controlfield tag="008">780731c19699999okusr ne      0   a0eng d</controlfield><datafield ind1=" " ind2=" " tag="010"><subfield code="a">sn 78005184 </subfield></datafield><datafield ind1=" " ind2=" " tag="040"><subfield code="a">HUL</subfield><subfield code="b">eng</subfield><subfield code="c">HUL</subfield><subfield code="d">NSD</subfield><subfield code="d">MUL</subfield><subfield code="d">OBN</subfield><subfield code="d">DLC</subfield><subfield code="d">OCL</subfield><subfield code="d">OCLCQ</subfield><subfield code="d">OCLCF</subfield><subfield code="d">OCLCO</subfield><subfield code="d">OVY</subfield><subfield code="d">OCL</subfield></datafield><datafield ind1=" " ind2=" " tag="012"><subfield code="k">1</subfield><subfield code="l">1</subfield><subfield code="m">1</subfield></datafield><datafield ind1="1" ind2=" " tag="022"><subfield code="a">0030-1795</subfield><subfield code="l">0030-1795</subfield><subfield code="2">1</subfield></datafield><datafield ind1=" " ind2=" " tag="032"><subfield code="a">865720</subfield><subfield code="b">USPS</subfield></datafield><datafield ind1=" " ind2=" " tag="042"><subfield code="a">nsdp</subfield></datafield><datafield ind1=" " ind2="4" tag="082"><subfield code="a">050</subfield></datafield><datafield ind1="0" ind2=" " tag="130"><subfield code="a">Oklahoma observer (Oklahoma City, Okla. : 1969)</subfield></datafield><datafield ind1=" " ind2="4" tag="222"><subfield code="a">The Oklahoma observer</subfield></datafield><datafield ind1="0" ind2="4" tag="245"><subfield code="a">The Oklahoma observer.</subfield></datafield><datafield ind1=" " ind2=" " tag="260"><subfield code="a">Oklahoma City,</subfield><subfield code="b">Rev. John M. Joyce,</subfield></datafield><datafield ind1=" " ind2=" " tag="300"><subfield code="a">v.</subfield></datafield><datafield ind1=" " ind2=" " tag="310"><subfield code="a">Semimonthly</subfield><subfield code="b">Jan. 10, 1972-</subfield></datafield><datafield ind1=" " ind2=" " tag="321"><subfield code="a">Monthly</subfield><subfield code="b">Jan. 10, 1972-</subfield></datafield><datafield ind1="0" ind2=" " tag="362"><subfield code="a">Vol. 1, no. 1 (Oct. 17, 1969)-</subfield></datafield><datafield ind1="2" ind2="0" tag="610"><subfield code="a">Catholic Church</subfield><subfield code="z">Oklahoma</subfield><subfield code="v">Newspapers.</subfield></datafield><datafield ind1=" " ind2="0" tag="651"><subfield code="a">Oklahoma City (Okla.)</subfield><subfield code="v">Newspapers.</subfield></datafield><datafield ind1=" " ind2="0" tag="651"><subfield code="a">Oklahoma County (Okla.)</subfield><subfield code="v">Newspapers.</subfield></datafield><datafield ind1="2" ind2="7" tag="610"><subfield code="a">Catholic Church.</subfield><subfield code="2">fast</subfield><subfield code="0">(OCoLC)fst00531720</subfield></datafield><datafield ind1=" " ind2="7" tag="651"><subfield code="a">Oklahoma.</subfield><subfield code="2">fast</subfield><subfield code="0">(OCoLC)fst01205031</subfield></datafield><datafield ind1=" " ind2="7" tag="651"><subfield code="a">Oklahoma</subfield><subfield code="z">Oklahoma City.</subfield><subfield code="2">fast</subfield><subfield code="0">(OCoLC)fst01204376</subfield></datafield><datafield ind1=" " ind2="7" tag="651"><subfield code="a">Oklahoma</subfield><subfield code="z">Oklahoma County.</subfield><subfield code="2">fast</subfield><subfield code="0">(OCoLC)fst01210430</subfield></datafield><datafield ind1=" " ind2="7" tag="655"><subfield code="a">Periodicals</subfield><subfield code="2">fast</subfield><subfield code="0">(OCoLC)fst01411641</subfield></datafield><datafield ind1=" " ind2="7" tag="655"><subfield code="a">Newspapers.</subfield><subfield code="2">fast</subfield><subfield code="0">(OCoLC)fst01423814</subfield></datafield><datafield ind1=" " ind2="7" tag="655"><subfield code="a">Periodicals.</subfield><subfield code="2">lcsh</subfield></datafield><datafield ind1=" " ind2=" " tag="752"><subfield code="a">United States</subfield><subfield code="b">Oklahoma</subfield><subfield code="c">Oklahoma</subfield><subfield code="d">Oklahoma City.</subfield></datafield><datafield ind1="1" ind2=" " tag="029"><subfield code="a">AU@</subfield><subfield code="b">000025830670</subfield></datafield></record>